<record><leader>00000cas a2200000 a 4500</leader><controlfield tag="001">11699364</controlfield><controlfield tag="008">850215d19541956kyuwr ne      0    0eng d</controlfield><datafield ind1=" " ind2=" " tag="010"><subfield code="a">sn 85052007 </subfield></datafield><datafield ind1=" " ind2=" " tag="040"><subfield code="a">KNP</subfield><subfield code="b">eng</subfield><subfield code="c">KNP</subfield><subfield code="d">OCL</subfield><subfield code="d">OCLCQ</subfield></datafield><datafield ind1=" " ind2=" " tag="042"><subfield code="a">msc</subfield></datafield><datafield ind1="0" ind2="0" tag="245"><subfield code="a">Edmonson enterprise.</subfield></datafield><datafield ind1=" " ind2=" " tag="260"><subfield code="a">Brownsville, Ky. :</subfield><subfield code="b">Charles V. Dunham</subfield></datafield><datafield ind1=" " ind2=" " tag="300"><subfield code="a">v. :</subfield><subfield code="b">ill.</subfield></datafield><datafield ind1=" " ind2=" " tag="310"><subfield code="a">Weekly</subfield></datafield><datafield ind1="1" ind2=" " tag="362"><subfield code="a">Began in 1954.</subfield><subfield code="z">Cf. Ayer, 1955.</subfield></datafield><datafield ind1="1" ind2=" " tag="362"><subfield code="a">Ceased in 1956?</subfield></datafield><datafield ind1=" " ind2=" " tag="515"><subfield code="a">Numbering is irregular.</subfield></datafield><datafield ind1=" " ind2=" " tag="588"><subfield code="a">Description based on: Vol. 2, no. 1 (Jan. 5, [1955]).</subfield></datafield><datafield ind1=" " ind2="4" tag="651"><subfield code="a">Brownsville (Edmonson County, Ky.)</subfield><subfield code="v">Newspapers.</subfield></datafield><datafield ind1=" " ind2="4" tag="651"><subfield code="a">Edmonson County (Ky.)</subfield><subfield code="v">Newspapers.</subfield></datafield><datafield ind1=" " ind2=" " tag="752"><subfield code="a">United States</subfield><subfield code="b">Kentucky</subfield><subfield code="c">Edmonson</subfield><subfield code="d">Brownsville.</subfield></datafield><datafield ind1="0" ind2="7" tag="785"><subfield code="t">Leitchfield town talk</subfield><subfield code="w">(DLC)sn 86069666</subfield></datafield><datafield ind1="0" ind2="7" tag="785"><subfield code="t">Leitchfield town talk and Edmonson enterprise</subfield><subfield code="w">(DLC)sn 87060191</subfield></datafield></record>